@book{puterman1994markov,
	Address = {New York, NY, USA},
	Author = {Puterman, Martin L.},
	Isbn = {0471619779},
	Publisher = {John Wiley \& Sons, Inc.},
	Title = {Markov Decision Processes: Discrete Stochastic Dynamic Programming},
	Year = {1994}
}

@article{osband2014generalization,
  title={Generalization and exploration via randomized value functions},
  author={Osband, Ian and Van Roy, Benjamin and Wen, Zheng},
  journal={arXiv preprint arXiv:1402.0635},
  year={2014}
}

@article{mnih2015human,
  title={Human-level control through deep reinforcement learning},
  author={Mnih, Volodymyr and Kavukcuoglu, Koray and Silver, David and Rusu, Andrei A and Veness, Joel and Bellemare, Marc G and Graves, Alex and Riedmiller, Martin and Fidjeland, Andreas K and Ostrovski, Georg and others},
  journal={Nature},
  volume={518},
  number={7540},
  pages={529},
  year={2015},
  publisher={Nature Publishing Group}
}

@article{silver2016mastering,
  title={Mastering the game of Go with deep neural networks and tree search},
  author={Silver, David and Huang, Aja and Maddison, Chris J and Guez, Arthur and Sifre, Laurent and Van Den Driessche, George and Schrittwieser, Julian and Antonoglou, Ioannis and Panneershelvam, Veda and Lanctot, Marc and others},
  journal={nature},
  volume={529},
  number={7587},
  pages={484--489},
  year={2016},
  publisher={Nature Research}
}

@article{lillicrap2015continuous,
  title={Continuous control with deep reinforcement learning},
  author={Lillicrap, Timothy P and Hunt, Jonathan J and Pritzel, Alexander and Heess, Nicolas and Erez, Tom and Tassa, Yuval and Silver, David and Wierstra, Daan},
  journal={arXiv preprint arXiv:1509.02971},
  year={2015}
}

@article{levine2016end,
  title={End-to-end training of deep visuomotor policies},
  author={Levine, Sergey and Finn, Chelsea and Darrell, Trevor and Abbeel, Pieter},
  journal={The Journal of Machine Learning Research},
  volume={17},
  number={1},
  pages={1334--1373},
  year={2016},
  publisher={JMLR. org}
}

@inproceedings{kober2009policy,
  title={Policy search for motor primitives in robotics},
  author={Kober, Jens and Peters, Jan R},
  booktitle={Advances in neural information processing systems},
  pages={849--856},
  year={2009}
}

@book{sutton1998reinforcement,
  title={Reinforcement learning: An introduction},
  author={Sutton, Richard S and Barto, Andrew G},
  volume={1},
  number={1},
  year={1998},
  publisher={MIT press Cambridge}
}

@inproceedings{lazaric2008transfer,
  title={Transfer of samples in batch reinforcement learning},
  author={Lazaric, Alessandro and Restelli, Marcello and Bonarini, Andrea},
  booktitle={Proceedings of the 25th international conference on Machine learning},
  pages={544--551},
  year={2008},
  organization={ACM}
}

@inproceedings{taylor2008transferring,
  title={Transferring instances for model-based reinforcement learning},
  author={Taylor, Matthew E and Jong, Nicholas K and Stone, Peter},
  booktitle={Joint European Conference on Machine Learning and Knowledge Discovery in Databases},
  pages={488--505},
  year={2008},
  organization={Springer}
}

@inproceedings{fernandez2006probabilistic,
  title={Probabilistic policy reuse in a reinforcement learning agent},
  author={Fern{\'a}ndez, Fernando and Veloso, Manuela},
  booktitle={Proceedings of the fifth international joint conference on Autonomous agents and multiagent systems},
  pages={720--727},
  year={2006},
  organization={ACM}
}

@inproceedings{konidaris2006autonomous,
  title={Autonomous shaping: Knowledge transfer in reinforcement learning},
  author={Konidaris, George and Barto, Andrew},
  booktitle={Proceedings of the 23rd international conference on Machine learning},
  pages={489--496},
  year={2006},
  organization={ACM}
}

@inproceedings{wilson2007multi,
  title={Multi-task reinforcement learning: a hierarchical Bayesian approach},
  author={Wilson, Aaron and Fern, Alan and Ray, Soumya and Tadepalli, Prasad},
  booktitle={Proceedings of the 24th international conference on Machine learning},
  pages={1015--1022},
  year={2007},
  organization={ACM}
}

@inproceedings{lazaric2010bayesian,
  title={Bayesian multi-task reinforcement learning},
  author={Lazaric, Alessandro and Ghavamzadeh, Mohammad},
  booktitle={ICML-27th International Conference on Machine Learning},
  pages={599--606},
  year={2010},
  organization={Omnipress}
}

@article{taylor2009transfer,
  title={Transfer learning for reinforcement learning domains: A survey},
  author={Taylor, Matthew E and Stone, Peter},
  journal={Journal of Machine Learning Research},
  volume={10},
  number={Jul},
  pages={1633--1685},
  year={2009}
}

@article{brunskill2013sample,
  title={Sample complexity of multi-task reinforcement learning},
  author={Brunskill, Emma and Li, Lihong},
  journal={arXiv preprint arXiv:1309.6821},
  year={2013}
}

@inproceedings{doshi2016hidden,
  title={Hidden parameter Markov decision processes: A semiparametric regression approach for discovering latent task parametrizations},
  author={Doshi-Velez, Finale and Konidaris, George},
  booktitle={IJCAI: proceedings of the conference},
  volume={2016},
  pages={1432},
  year={2016},
  organization={NIH Public Access}
}

@inproceedings{barreto2017successor,
  title={Successor features for transfer in reinforcement learning},
  author={Barreto, Andr{\'e} and Dabney, Will and Munos, R{\'e}mi and Hunt, Jonathan J and Schaul, Tom and van Hasselt, Hado P and Silver, David},
  booktitle={Advances in neural information processing systems},
  pages={4055--4065},
  year={2017}
}

@inproceedings{killian2017robust,
  title={Robust and Efficient Transfer Learning with Hidden Parameter Markov Decision Processes},
  author={Killian, Taylor W and Daulton, Samuel and Konidaris, George and Doshi-Velez, Finale},
  booktitle={Advances in Neural Information Processing Systems},
  pages={6250--6261},
  year={2017}
}

@inproceedings{konidaris2007building,
  title={Building Portable Options: Skill Transfer in Reinforcement Learning.},
  author={Konidaris, George and Barto, Andrew G}
}

@inproceedings{maillard2010finite,
  title={Finite-sample analysis of Bellman residual minimization},
  author={Maillard, Odalric-Ambrym and Munos, R{\'e}mi and Lazaric, Alessandro and Ghavamzadeh, Mohammad},
  booktitle={Proceedings of 2nd Asian Conference on Machine Learning},
  pages={299--314},
  year={2010}
}