@book{puterman1994markov,
	Address = {New York, NY, USA},
	Author = {Puterman, Martin L.},
	Isbn = {0471619779},
	Publisher = {John Wiley \& Sons, Inc.},
	Title = {Markov Decision Processes: Discrete Stochastic Dynamic Programming},
	Year = {1994}
}

@article{osband2014generalization,
  title={Generalization and exploration via randomized value functions},
  author={Osband, Ian and Van Roy, Benjamin and Wen, Zheng},
  journal={arXiv preprint arXiv:1402.0635},
  year={2014}
}

@inproceedings{osband2016deep,
  title={Deep exploration via bootstrapped DQN},
  author={Osband, Ian and Blundell, Charles and Pritzel, Alexander and Van Roy, Benjamin},
  booktitle={Advances in neural information processing systems},
  pages={4026--4034},
  year={2016}
}

@article{chen2017ucb,
  title={UCB and InfoGain Exploration via Q-Ensembles},
  author={Chen, Richard Y and Schulman, John and Abbeel, Pieter and Sidor, Szymon},
  journal={arXiv preprint arXiv:1706.01502},
  year={2017}
}